@manual{ImaLauKin-gamma.mixed11,
  author = { Matthew Owen and Olivia Lau and Kosuke Imai and Gary King },
  title = { gamma.mixed: Mixed Effects Gamma Regression },
  year = 2011,
  url = { http://gking.harvard.edu/zelig }
}

@manual{ImaLauKin-logit.mixed11,
  author = { Matthew Owen and Olivia Lau and Kosuke Imai and Gary King },
  title = { logit.mixed: Mixed Effects Logit Regression },
  year = 2011,
  url = { http://gking.harvard.edu/zelig }

}
@manual{ImaLauKin-ls.mixed11,
  author = { Matthew Owen and Olivia Lau and Kosuke Imai and Gary King },
  title = { ls.mixed: Mixed Effects Least Squares Regression },
  year = 2011,
  url = { http://gking.harvard.edu/zelig }
}

@manual{ImaLauKin-poisson.mixed11,
  author = { Matthew Owen and Olivia Lau and Kosuke Imai and Gary King },
  title = { poisson.mixed: Mixed Effects Poisson Regression },
  year = 2011,
  url = { http://gking.harvard.edu/zelig }
}

@manual{ImaLauKin-gamma.probit11,
  author = { Matthew Owen and Olivia Lau and Kosuke Imai and Gary King },
  title = { probit.mixed: Mixed Effects Probit Regression },
  year = 2011,
  url = { http://gking.harvard.edu/zelig }
}

@manual{Bates07,
  author =	 {Douglas Bates},
  title =	 {lme4: Fit linear and generalized linear
                  mixed-effects models},
  year =	 {2007},
}
