@STRING{ ajps = "American Journal of Political Science"}


% Zelig Manual Citations

@manual{Lam-gamma.gee11,
  author = { Patrick Lam },
  title =  { gamma.gee: General Estimating Equation for Gamma Regression },
  year =   2011,
  url =    { http://gking.harvard.edu/zelig }
}

@manual{Lam-logit.gee11,
  author = { Patrick Lam },
  title =  { logit.gee: General Estimating Equation for Logit Regression },
  year =   2011,
  url =    { http://gking.harvard.edu/zelig }
}

@manual{Lam-normal.gee11,
  author = { Patrick Lam },
  title =  { normal.gee: General Estimating Equation for Normal Regression },
  year =   2011,
  url =    { http://gking.harvard.edu/zelig }
}

@manual{Lam-poisson.gee11,
  author = { Patrick Lam },
  title =  { poisson.gee: General Estimating Equation for Poisson Regression },
  year =   2011,
  url =    { http://gking.harvard.edu/zelig }
}

@manual{Lam-probit.gee11,
  author = { Patrick Lam },
  title =  { probit.gee: General Estimating Equation for Probit Regression },
  year =   2011,
  url =    { http://gking.harvard.edu/zelig }
}


% Academic Article Citations
@article{Zorn01,
	author={Christopher Zorn},
	title={Generalized Estimating Equation Models for Correlated Data: A Review with
		Applications},
	journal= ajps,
	volume= 45,
	year= 2001,
	pages={470--490},
	month={April}
}

@article{KinAltBur90,
  author =	 {Gary King and James Alt and Nancy Burns and Michael
                  Laver},
  title =	 {A Unified Model of Cabinet Dissolution in
                  Parliamentary Democracies},
  journal =	 {American Journal of Political Science},
  volume =	 {34},
  year =	 {1990},
  pages =	 {846--871},
  month =	 {August},
  number =	 {3},
  note =	 {{http://gking.harvard.edu/files/abs/coal-abs.shtml}}
}

@article{KinTomWit00,
  author =	 {Gary King and Michael Tomz and Jason Wittenberg},
  title =	 {Making the Most of Statistical Analyses: Improving
                  Interpretation and Presentation},
  journal =	 {American Journal of Political Science},
  volume =	 44,
  year =	 2000,
  pages =	 {341--355},
  month =	 {April},
  number =	 2,
  note =	 {{http://gking.harvard.edu/files/abs/making-abs.shtml}}
}

@book{Martin92,
	author={Lisa Martin},
	title={Coercive Cooperation: Explaining Multilateral Economic Sanctions},
	publisher={Princeton University Press},
	year={1992},
	note={Please inquire with Lisa Martin before publishing results from these data,
		as this dataset includes errors that have since been corrected.}
}
