% Macros
@STRING{ jasa = "Journal of the American Statistical Association"}

% Citations for This Document
@manual{OwenCranmer-logit.gam11,
  author = { Matt Owen and Skyler Cranmer },
  title =  { Generalized Additive Model for Logistic Regression of Dichotomous Dependent Variables },
  year =   2011,
  url =    { http://gking.harvard.edu/zelig }
}
@manual{OwenCranmer-normal.gam11,
  author = { Matt Owen and Skyler Cranmer },
  title =  { Generalized Additive Model for Normal Regression of Continuous Dependent Variables },
  year =   2011,
  url =    { http://gking.harvard.edu/zelig }
}
@manual{OwenCranmer-poisson.gam11,
  author = { Matt Owen and Skyler Cranmer },
  title =  { Generalized Additive Model for Poisson Regression of Count Dependent Variables },
  year =   2011,
  url =    { http://gking.harvard.edu/zelig }
}
@manual{OwenCranmer-probit.gam11,
  author = { Matt Owen and Skyler Cranmer },
  title =  { Generalized Additive Model for Probit Regression of Dichotomous Dependent Variables },
  year =   2011,
  url =    { http://gking.harvard.edu/zelig }
}


% Citations for other documents
@book{Wood06,
	author={Simon N. Wood},
	title={Generalized Additive Models: An Introduction with R},
	publisher={CRC Press},
	year= 2006,
	address={London}
}

@article{Wood04,
	author={Simon N. Wood},
	title={Stable and efficient multiple smoothing parameter estimation for generalized
		additive models},
	journal= jasa,
	volume= 99,
	year= 2004,
	pages={673--686}
}
@article{Wood00,
	author={Simon N. Wood},
	title={Modeling and Smoothing Parameter Estimation wiht Multiple Quadratic penalties},
	journal={Journal of the Royal Statistical Society},
	volume={62},
	year={2000},
	pages={413-428},
	number={2}
}
