@manual{ImaLauKin-gamma11,
  author = { Kosuke Imai and Olivia Lau and Gary King},
  title =  { gamma: Gamma Regression for Continuous,
             Positive Dependent Variables
           },
  year =   2011,
  url =    { http://gking.harvard.edu/zelig }
}

@manual{ImaLauKin-logit11,
  author = { Kosuke Imai and Olivia Lau and Gary King},
  title =  { logit: Logistic Regression for Dichotomous Dependent },
  year =   2011,
  url =    { http://gking.harvard.edu/zelig }
}

@manual{ImaLauKin-ls11,
  author = { Kosuke Imai and Olivia Lau and Gary King},
  title =  {
            ls: Least Squares Regression for Continuous
            Dependent Variables
           },
  year =   2011,
  url =    { http://gking.harvard.edu/zelig }
}


@manual{ImaLauKin-negbinom11,
  author = { Kosuke Imai and Olivia Lau and Gary King},
  title =  {
            negbinom: Negative Binomial Regression
            for Event Count Dependent Variables
           },
  year =   2011,
  url =    { http://gking.harvard.edu/zelig }
}


@manual{ImaLauKin-normal11,
  author = { Kosuke Imai and Olivia Lau and Gary King},
  title =  { normal: Normal Regression for Continuous Dependent Variables },
  year =   2011,
  url =    { http://gking.harvard.edu/zelig }
}


@manual{ImaLauKin-poisson11,
  author = { Kosuke Imai and Olivia Lau and Gary King},
  title =  {
            poisson: Poisson Regression for Event Count
            Dependent Variables
           },
  year =   2011,
  url =    { http://gking.harvard.edu/zelig }
}

@manual{ImaLauKin-probit11,
  author = { Kosuke Imai and Olivia Lau and Gary King},
  title =  {
            probit: Probit Regression for
            Dichotomous Dependent Variables
           },
  year =   2011,
  url =    { http://gking.harvard.edu/zelig }
}
