% A bibtex-format file for papers by or coauthored with Gary King
%
% rules used for abbreviations:
%
% -if one author: use last name and last 2 digits of the year: King99.
% -if multiple authors, use 1st 3 letters of each of UP TO the first three
%     authors and the last 2 digits of the year:  KinTomWit00.
% -if necessary add lower-case letters for multiple entries in a year:  
%     King02, King02b (the first one should NOT have an 'a' afterwards)
% -No string abbreviations are used
%
% entries are in separate sections (books, articles, software, data)
% in reverse chronical order
%
% copies of all papers, articles, data, and software, and some books, 
% are available at http://gking.harvard.edu/

%%%%%%%%%%%%%%%%%%%%%%%%%%%%%%%%%%%%%%%%%%%%%%%%%%%%%%%%%%%%%%%%%%%%%%%%%%%%
% Books
%%%%%%%%%%%%%%%%%%%%%%%%%%%%%%%%%%%%%%%%%%%%%%%%%%%%%%%%%%%%%%%%%%%%%%%%%%%%

@book{KinSchNie09,
  editor =	 {Gary King and Kay Schlozman and Norman Nie},
  title =	 {The Future of Political Science: 100 Perspectives},
  publisher =	 {Routledge Press},
  address =	 {New York},
  year =	 {2009}
}

@book{GirKin08,
  author =	 {Federico Girosi and Gary King},
  title =	 {Demographic Forecasting},
  publisher =	 {Princeton University Press},
  year =	 {2008},
  address =	 {Princeton},
  note =	 {{http://gking.harvard.edu/files/smooth/}}
}

@book{KinRosTan04,
  editor =	 {Gary King and Ori Rosen and Martin A. Tanner},
  title =	 {Ecological Inference: New Methodological Strategies},
  publisher =	 {Cambridge University Press},
  year =	 {2004},
  address =	 {New York},
  note =         {{http://gking.harvard.edu/files/abs/ecinf04-abs.shtml}}
}

@book{King97,
  author =	 {Gary King},
  title =	 {A Solution to the Ecological Inference Problem:
                  Reconstructing Individual Behavior from Aggregate
                  Data},
  publisher =	 {Princeton University Press},
  year =	 {1997},
  address =	 {Princeton},
  note =	 {{http://gking.harvard.edu/eicamera/kinroot.html}}
}

@book{KinKeoVer94,
  author =	 {Gary King and Robert O. Keohane and Sidney Verba},
  title =	 {Designing Social Inquiry: Scientific Inference in
                  Qualitative Research},
  publisher =	 {Princeton University Press},
  year =	 {1994},
  address =	 {Princeton},
  note =	 {{http://www.pupress.princeton.edu/titles/5458.html}}
}

@book{King89,
  author =	 {Gary King},
  title =	 {Unifying Political Methodology: The Likelihood
                  Theory of Statistical Inference},
  publisher =	 {Michigan University Press},
  year =	 1989,
  address =	 {Ann Arbor}
}

@book{KinRag88,
  author =	 {Gary King and Lyn Ragsdale},
  title =	 {The Elusive Executive: Discovering Statistical
                  Patterns in the Presidency},
  publisher =	 {Congressional Quarterly Press},
  year =	 {1988},
  address =	 {Washington, D.C}
}

@book{BraHarKin89,
  author =	 {Paul Brace and Christine Harrington and Gary King},
  title =	 {The Presidency in American Politics},
  publisher =	 {New York University Press},
  year =	 {1989},
  address =	 {New York and London}
}

%%%%%%%%%%%%%%%%%%%%%%%%%%%%%%%%%%%%%%%%%%%%%%%%%%%%%%%%%%%%%%%%%%%%%%%%%%%%
% Articles
%%%%%%%%%%%%%%%%%%%%%%%%%%%%%%%%%%%%%%%%%%%%%%%%%%%%%%%%%%%%%%%%%%%%%%%%%%%%

@Article{SonKin11,
  author =	 {Samir Soneji and Gary King},
  title =	 {Statistical Security for Social Security},
  journal =	 {Demography},
  year =	 2011,
  note =	 {{http://gking.harvard.edu/files/abs/ssc-abs.shtml}}
}

@Article{,
  author =	 {Gary King and Richard Nielsen and Carter Coberley
                  and James Pope and Aaron Wells},
  title =	 {Avoiding Randomization Failure in Program
                  Evaluation},
  journal =	 {Population Health Management},
  year =	 2011,
  volume =	 14,
  number =	 1,
  pages =	 {S11-S22},
  note =	 {{http://gking.harvard.edu/gking/files/mhs.pdf}}
}

@Article{KinNieCob11,
  author =	 {Gary King and Richard Nielsen and Carter Coberley
                  and James Pope and Aaron Wells},
  title =	 {Comparative Effectiveness of Matching Methods for
                  Causal Inference},
  journal =	 { },
  year =	 {2011},
  OPTkey =	 {},
  OPTvolume =	 {},
  OPTnumber =	 {},
  OPTpages =	 {},
  OPTmonth =	 {},
  OPTnote =	 {{http://gking.harvard.edu/files/abs/psparadox-abs.shtml}},
  OPTannote =	 {}
}

@Article{SteKinShi10,
  author =	 {Gretchen Stevens, Gary King, and Kenji Shibuya},
  title =	 {Deaths From Heart Failure: Using Coarsened Exact
                  Matching to Correct Cause of Death Statistics},
  journal =	 {Population Health Metrics},
  year =	 2010,
  volume =	 8,
  number =	 6,
  note =	 {{http://gking.harvard.edu/files/abs/heartfcem-abs.shtml}}
}

@Article{GriKin10,
  author =	 {Justin Grimmer and Gary King},
  title =	 {Quantitative Discovery from Qualitative Information:
                  A General-Purpose Document Clustering Methodology},
  journal =	 { },
  year =	 {2010},
  note =	 {{http://gking.harvard.edu/files/abs/discov-abs.shtml}}
}

@Article{GriKin10b,
  author =	 {Justin Grimmer and Gary King},
  title =	 {A General Purpose Computer-Assisted Document
                  Clustering Methodology},
  journal =	 { },
  year =	 {2010},
  note =
                  {{http://gking.harvard.edu/files/abs/discovm-abs.shtml}}
}

@Article{IacKinPor11,
  author =	 {Stefano M. Iacus and Gary King and Giuseppe Porro},
  title =	 {Multivariate Matching Methods That are Monotonic
                  Imbalance Bounding},
  journal =	 {Journal of the American Statistical Association},
  year =	 {In press},
  note =	 {{http://gking.harvard.edu/files/abs/cem-math-abs.shtml}}
}

@article{HopKin10,
  author =	 {Daniel Hopkins and Gary King},
  title =	 {Improving Anchoring Vignettes: Designing Surveys to
                  Correct Interpersonal Incomparability},
  journal =	 {Public Opinion Quarterly},
  year =	 {2010},
  pages =	 {1-22},
  note =         {{http://gking.harvard.edu/files/abs/implement-abs.shtml}}
}

@Article{KinLuShi10,
  author = 	 {Gary King and Ying Lu and Kenji Shibuya},
  title = 	 {Designing Verbal Autopsy Studies},
  journal = 	 {Population Health Metrics},
  year = 	 2010,
  volume =	 8,
  number =	 19,
  note =	 {http://gking.harvard.edu/files/abs/desva-abs.shtml}
}

@article{LazPenAda09,
  author =	 {Lazer, David and Pentland, Alex and Adamic, Lada and
                  Aral, Sinan and Barabasi, Albert-Laszlo and Brewer,
                  Devon and Christakis, Nicholas and Contractor,
                  Noshir and Fowler, James and Gutmann, Myron and
                  Jebara, Tony and King, Gary and Macy, Michael and
                  Roy, Deb and Van Alstyne, Marshall},
  title =	 {{SOCIAL SCIENCE: Computational Social Science}},
  journal =	 {Science},
  volume =	 {323},
  number =	 {5915},
  pages =	 {721-723},
  year =	 {2009},
  note =         {{http://gking.harvard.edu/files/abs/LazPenAda09-abs.shtml}}
}

@Article{AbrBolGut09,
  author =	 {Mark Abrahamson and Kenneth A. Bollen and Myron
                  Gutmann and Gary King and Amy M. Pienta},
  title =	 {Preserving Data for Long Term Analyses},
  journal =	 {Historical Social Research},
  year =	 {2009},
  OPTkey =	 {},
  OPTvolume =	 {},
  OPTnumber =	 {},
  OPTpages =	 {},
  OPTmonth =	 {Summer, forthcoming},
  OPTnote =	 {},
  OPTannote =	 {}
}

@article{KinGakIma09,
  Author =	 {Gary King and Emmanuela Gakidou and Kosuke Imai and
                  Jason Lakin and Ryan T. Moore and Clayton Nall and
                  Nirmala Ravishankar and Manett Vargas and Martha
                  Mar{\'i}a T{\'e}llez-Rojo and Juan Eugenio
                  Hern{\'a}ndez {\'A}vila and Mauricio Hern{\'a}ndez
                  {\'A}vila and H{\'e}ctor Hern{\'a}ndez Llamas},
  title =	 {Public Policy for the Poor? A Randomised Assessment
                  of the Mexican Universal Health Insurance Programme},
  journal =	 {The Lancet},
  volumne =	 {373},
  year =	 {2009},
  note =	 {{http://gking.harvard.edu/files/abs/spi-abs.shtml}}
}


@Article{KinSon09,
  author =	 {Gary King and Samir Soneji},
  title =	 {The Future of Death in America},
  journal =	 {},
  year =	 2009,
  note =	 {{http://gking.harvard.edu/files/abs/mort-abs.shtml}} 
}

@Article{IacKinPor11,
  author =	 {Stefano M. Iacus and Gary King and Giuseppe Porro},
  title =	 {Causal Inference Without Balance Checking: Coarsened
                  Exact Matching},
  journal =	 {Political Analysis},
  year =	 {2011, in press},
  note =	 {{http://gking.harvard.edu/files/abs/cem-plus-abs.shtml}}
}

@article{ImaKinStu08,
  author =	 {Kosuke Imai and Gary King and Elizabeth Stuart},
  title =	 {Misunderstandings Among Experimentalists and
                  Observationalists about Causal Inference},
  journal =	 {Journal of the Royal Statistical Society, {S}eries
                  {A}},
  volume =	 {171, part 2},
  year =	 {2008},
  pages =	 {481--502},
  note =
                  {{http://gking.harvard.edu/files/abs/matchse-abs.shtml}}
}

@article{uImaKinStu08,
  author =	 {Kosuke Imai and Gary King and Elizabeth Stuart},
  title =	 {Misunderstandings Among Experimentalists and
                  Observationalists about Causal Inference},
  journal =	 {Journal of the Royal Statistical Society, {S}eries
                  {A}},
  volume =	 {171, part 2},
  year =	 {2008},
  pages =	 {481--502}
}

@article{KinLu08,
  author =	 {Gary King and Ying Lu},
  title =	 {Verbal Autopsy Methods with Multiple Causes of
                  Death},
  journal =	 {Statistical Science},
  volume =	 {23},
  number =	 {1},
  year =	 {2008},
  pages =	 {78--91},
  note =	 {{http://gking.harvard.edu/files/abs/vamc-abs.shtml}}
}

@article{AltKin07,
  author =	 {Micah Altman and Gary King},
  title =	 {A Proposed Standard for the Scholarly Citation of
                  Quantitative Data },
  journal =	 {D-Lib Magazine},
  volume =	 {13},
  year =	 {2007},
  month =	 {March / April},
  number =	 {3/4},
  note =	 {{http://gking.harvard.edu/files/abs/cite-abs.shtml}}
}

@article{GroKin07,
  author =	 {Bernard Grofman and Gary King},
  title =	 {The Future of Partisan Symmetry as a Judicial Test
                  for Partisan Gerrymandering after LULAC v. Perry},
  journal =	 {Election Law Journal},
  volume =	 {6},
  year =	 {2007},
  pages =	 {2-35},
  month =	 {January},
  number =	 {1},
  note =	 {{http://gking.harvard.edu/files/abs/jp-abs.shtml}}
}

@article{uHoImaKin07,
  author =	 {Daniel Ho and Kosuke Imai and Gary King and
                  Elizabeth Stuart},
  title =	 {Matching as Nonparametric Preprocessing for Reducing
                  Model Dependence in Parametric Causal Inference},
  journal =	 {Political Analysis},
  year =	 {2007},
  volume =	 {15},
  pages =	 {199--236}
}

@article{HoImaKin07,
  author =	 {Daniel Ho and Kosuke Imai and Gary King and
                  Elizabeth Stuart},
  title =	 {Matching as Nonparametric Preprocessing for Reducing
                  Model Dependence in Parametric Causal Inference},
  journal =	 {Political Analysis},
  year =	 {2007},
  volume =	 {15},
  pages =	 {199--236},
  note =	 {{http://gking.harvard.edu/files/abs/matchp-abs.shtml}}
}

@article{HopKin10b,
  author =	 {Daniel Hopkins and Gary King},
  title =	 {A Method of Automated Nonparametric Content Analysis
                  for Social Science},
  journal =	 {American Journal of Political Science},
  year =	 {2010},
  volume =	 {54},
  number =	 {1},
  month =	 {January},
  pages =	 {229--247},
  note =	 {http://gking.harvard.edu/files/abs/words-abs.shtml}
}

@article{ImaKinLau07,
  author =	 {Kosuke Imai and Gary King and Olivia Lau},
  title =	 {Toward A Common Framework for Statistical Analysis
                  and Development},
  journal =	 {Journal of Computational Graphics and Statistics},
  volume =	 17,
  number =	 4,
  pages =	 {1--22},
  year =	 2008,
  note =	 {{http://gking.harvard.edu/files/abs/z-abs.shtml}}
}

@article{ImaKinNal09d,
  author =	 {Kosuke Imai and Gary King and Clayton Nall},
  title =	 {Matched Pairs and the Future of Cluster-Randomized
                  Experiments: A Rejoinder},
  journal =	 {Statistical Science},
  volume =	 {24},
  number =	 {1},
  pages =	 {64--72},
  year =	 {2009},
  note =
                  {{http://gking.harvard.edu/files/abs/cluster-abs.shtml}}
}

@article{ImaKinNal09,
  author =	 {Kosuke Imai and Gary King and Clayton Nall},
  title =	 {The Essential Role of Pair Matching in
                  Cluster-Randomized Experiments, with Application to
                  the Mexican Universal Health Insurance Evaluation},
  journal =	 {Statistical Science},
  volume =	 {24},
  number =	 {1},
  pages =	 {29--53},
  year =	 {2009},
  note =
                  {{http://gking.harvard.edu/files/abs/cluster-abs.shtml}}
}

@article{uImaKinNal09,
  author =	 {Kosuke Imai and Gary King and Clayton Nall},
  title =	 {The Essential Role of Pair Matching in
                  Cluster-Randomized Experiments, with Application to
                  the Mexican Universal Health Insurance Evaluation},
  journal =	 {Statistical Science},
  volume =	 {24},
  number =	 {1},
  pages =	 {29--53},
  year =	 {2009}
}

@article{King07,
  author =	 {Gary King},
  title =	 {An Introduction to the Dataverse Network as an
                  Infrastructure for Data Sharing},
  journal =	 {Sociological Methods and Research},
  year =	 {2007},
  volume =	 {36},
  number =	 {2},
  pages =	 {173--199},
  note =	 {{http://gking.harvard.edu/files/abs/dvn-abs.shtml}}
}

@inbook{King09b,
  author =	 {Gary King},
  chapter =	 {The Changing Evidence Base of Political Science
                  Research},
  title =	 {The Future of Political Science: 100 Perspectives},
  publisher =	 {Routledge Press},
  address =	 {New York},
  year =	 {2009, forthcoming},
  editor =	 {Gary King and Kay Schlozman and Norman Nie},
  note =	 {{http://gking.harvard.edu/files/abs/evbase-abs.shtml}}
}

@inbook{King09c,
  author =	 {Gary King and Kay Schlozman and Norman Nie},
  chapter =	 {An Introduction to the Future of Political Science},
  title =	 {The Future of Political Science: 100 Perspectives},
  publisher =	 {Routledge Press},
  address =	 {New York},
  year =	 {2009, forthcoming},
  editor =	 {Gary King and Kay Schlozman and Norman Nie}
}

@article{KinGakRav07,
  Author =	 {Gary King and Emmanuela Gakidou and Nirmala
                  Ravishankar and Ryan T. Moore and Jason Lakin and
                  Manett Vargas and Martha Mar{\'i}a T{\'e}llez-Rojo
                  and Juan Eugenio Hern{\'a}ndez {\'A}vila and
                  Mauricio Hern{\'a}ndez {\'A}vila and H{\'e}ctor
                  Hern{\'a}ndez Llamas},
  title =	 {A `Politically Robust' Experimental Design for
                  Public Policy Evaluation, with Application to the
                  Mexican Universal Health Insurance Program},
  journal =	 {Journal of Policy Analysis and Management},
  volume =	 {26},
  year =	 {2007},
  pages =	 {479-506},
  number =	 {3},
  note =	 {{http://gking.harvard.edu/files/abs/spd-abs.shtml}}
}

@article{KinWan07,
  author =	 {Gary King and Jonathan Wand},
  title =	 {Comparing Incomparable Survey Responses: New Tools
                  for Anchoring Vignettes},
  journal =	 {Political Analysis},
  volume =	 {15},
  year =	 {2007},
  pages =	 {46-66},
  month =	 {Winter},
  number =	 {1},
  note =	 {{http://gking.harvard.edu/files/abs/c-abs.shtml}}
}

@article{KinZen07,
  author =	 {Gary King and Langche Zeng},
  title =	 {When Can History Be Our Guide? The Pitfalls of
                  Counterfactual Inference},
  journal =	 {International Studies Quarterly},
  year =	 {2007},
  pages =	 {183-210},
  month =	 {March},
  note =         {{http://gking.harvard.edu/files/abs/counterf-abs.shtml}}
}

@article{uKinZen07,
  author =	 {Gary King and Langche Zeng},
  title =	 {When Can History Be Our Guide? The Pitfalls of
                  Counterfactual Inference},
  journal =	 {International Studies Quarterly},
  year =	 {2007},
  pages =	 {183-210},
  month =	 {March}
}

@article{KinZen07b,
  author =	 {Gary King and Langche Zeng},
  title =	 {Detecting Model Dependence in Statistical Inference:
                  A Response},
  journal =	 {International Studies Quarterly},
  volume =	 {51},
  year =	 {2007},
  pages =	 {231-241},
  month =	 {March},
  note =         {{http://gking.harvard.edu/files/abs/counterf-abs.shtml}}
}

@article{WanKinLau07,
  author =	 {Jonathan Wand and Gary King and Olivia Lau},
  title =	 {Anchors: Software for Anchoring Vignettes Data},
  journal =	 {Journal of Statistical Software},
  year =	 {2007, forthcoming}
}

@inbook{EpsHoKin06,
  author =	 {Lee Epstein and Daniel E. Ho and Gary King and
                  Jeffrey A. Segal},
  title =	 {Principles and Practice in American Politics:
                  Classic and Contemporary Readings},
  chapter =	 {The Effect of War on the Supreme Court},
  year =	 {2006},
  publisher =	 {Congressional Quarterly Press},
  edition =	 {3rd},
  address =	 {Washington, D.C.},
  editor =	 {Samuel Kernell and Steven S. Smith},
  note =	 {{http://gking.harvard.edu/files/abs/crisis-abs.shtml}}
}

@article{GakKin06,
  author =	 {Emmanuela Gakidou and Gary King},
  title =	 {Death by Survey: Estimating Adult Mortality without
                  Selection Bias from Sibling Survival Data from
                  Sibling Survival Data},
  journal =	 {Demography},
  volume =	 43,
  year =	 2006,
  pages =	 {569--585},
  month =	 {August},
  number =	 3,
  note =         {{http://gking.harvard.edu/files/abs/deathbys-abs.shtml}}
}

@article{HonKin10,
  author =	 {James Honaker and Gary King},
  title =	 {What to do About Missing Values in Time Series
                  Cross-Section Data},
  journal =	 {American Journal of Political Science},
  year =	 {2010},
  volume =	 {54},
  number =	 {2},
  month =	 {April},
  pages =	 {561--581},
  note =	 {{http://gking.harvard.edu/files/abs/pr-abs.shtml}}
}

@article{King06,
  author =	 {Gary King},
  title =	 {{Publication, Publication}},
  journal =	 {PS: Political Science and Politics},
  volume =	 {39},
  year =	 {2006},
  pages =	 {119--125},
  month =	 {January},
  number =	 {01},
  note =
                  {{http://gking.harvard.edu/files/abs/paperspub-abs.shtml}}
}

@inbook{KinRosTan06,
  author =	 {Gary King and Ori Rosen and Martin Tanner},
  title =	 {The New Palgrave Dictionary of Economics},
  chapter =	 {Ecological Inference},
  year =	 {2006},
  edition =	 {2nd},
  editor =	 {Larry Blume and Steven N. Durlauf},
  note =
                  {{http://gking.harvard.edu/files/abs/newintro-abs.shtml}}
}

@article{KinZen06,
  author =	 {Gary King and Langche Zeng},
  title =	 {The Dangers of Extreme Counterfactuals},
  journal =	 {Political Analysis},
  volume =	 {14},
  year =	 2006,
  pages =	 {131--159},
  number =	 {2},
  note =
                  {{http://gking.harvard.edu/files/abs/counterft-abs.shtml}}
}

@article{GirKin07,
  author =	 {Federico Girosi and Gary King},
  title =	 {Understanding the Lee-Carter Mortality Forecasting
                  Method},
  year =	 2007,
  note =	 {{http://gking.harvard.edu/files/abs/lc-abs.shtml}}
}

@article{EpsHoKin05,
  author =	 {Lee Epstein and Daniel E. Ho and Gary King, and
                  Jeffrey A. Segal},
  title =	 {The Supreme Court During Crisis: How War Affects
                  only Non-War Cases},
  journal =	 {New York University Law Review},
  volume =	 {80},
  year =	 {2005},
  pages =	 {1--116},
  month =	 {April},
  number =	 {1},
  note =	 {{http://gking.harvard.edu/files/abs/crisis-abs.shtml}}
}

@article{StoKinZen05,
  author =	 {Heather Stoll and Gary King and Langchee Zeng},
  title =	 {WhatIf: Software for Evaluating Counterfactuals},
  journal =	 {Journal of Statistical Software},
  volume =	 {15},
  year =	 {2005},
  number =	 {4},
  note =	 {{http://www.jstatsoft.org/index.php?vol=15}}
}

@article{BecKinZen04,
  author =	 {Nathaniel Beck and Gary King and Langche Zeng},
  title =	 {Theory and Evidence in International Conflict:
                  Response to de Marchi, Gelpi, and Grynaviski},
  journal =	 apsr,
  volume =	 {98},
  year =	 {2004},
  pages =	 {379-389},
  month =	 {May},
  number =	 {2},
  note =
                  {{http://gking.harvard.edu/files/abs/toe-resp-abs.shtml}}
}

@inbook{GelKatKin04,
  author =	 {Andrew Gelman and Jonathan Katz and Gary King},
  title =	 {Rethinking the Vote: The Politics and Prospects of
                  American Electoreal Reform},
  chapter =	 {Chapter 5, Empirically Evaluating the Electoral
                  College},
  year =	 {2004},
  publisher =	 {Oxford University Press},
  pages =	 {75-88},
  address =	 {New York},
  editor =	 {Ann N. Crigler and Marion R. Just and Edward
                  J. McCaffery},
  note =
                  {{http://gking.harvard.edu/files/abs/rethink-abs.shtml}}
}

@article{GilKin04,
  author =	 {Jeff Gill and Gary King},
  title =	 {What to do When Your Hessian is Not Invertible:
                  Alternatives to Model Respecification in Nonlinear
                  Estimation},
  journal =	 {Sociological Methods and Research},
  volume =	 {32},
  year =	 {2004},
  pages =	 {54-87},
  month =	 {August},
  number =	 {1},
  note =	 {{http://gking.harvard.edu/files/abs/help-abs.shtml}}
}

@article{ImaKin04,
  author =	 {Kosuke Imai and Gary King},
  title =	 {Did Illegal Overseas Absentee Ballots Decide the
                  2000 U.S. Presidential Election?},
  journal =	 {Perspectives on Politics},
  volume =	 {2},
  year =	 {2004},
  pages =	 {537--549},
  month =	 {September},
  number =	 {3},
  note =
                  {{http://gking.harvard.edu/files/abs/ballots-abs.shtml}}
}

@article{King04,
  author =	 {Gary King},
  title =	 {EI: A Program for Ecological Inference},
  journal =	 {Journal of Statistical Software},
  volume =	 {11},
  year =	 {2004},
  number =	 {7}
}

@article{King04b,
  author =	 {Gary King},
  title =	 {Finding New Information for Ecological Inference
                  Models: A Comment on Jon Wakefield, "Ecological
                  Inference in 2 X 2 Tables"},
  journal =	 {Journal of the Royal Statistical Society},
  volume =	 {167},
  year =	 {2004},
  pages =	 {437},
  number =	 {Series A}
}

@inbook{KinRosTan04b,
  author =	 {Gary King and Ori Rosen and Martin Tanner},
  title =	 {Ecological Inference: New Methodological Strategies},
  chapter =	 {Information in Ecological Inference: An
                  Introduction},
  year =	 {2004},
  publisher =	 {Cambridge University Press},
  address =	 {New York},
  editor =	 {Gary King and Ori Rosen and Martin Tanner}
}

@inbook{KinZen04,
  author =	 {Gary King and Langche Zeng},
  title =	 {Encyclopedia of Biopharmaceutical Statistics},
  chapter =	 {Inference in Case-Control Studies},
  year =	 {2004},
  publisher =	 {Marcel Dekker},
  edition =	 {2nd},
  address =	 {New York},
  editor =	 {Shein-Chung Chow},
  note =	 {{http://gking.harvard.edu/files/abs/1s-enc-abs.shtml}}
}

@article{AdoKin03,
  author =	 {Christopher Adolph and Gary King},
  title =	 {Analyzing Second Stage Ecological Regressions},
  journal =	 {Political Analysis},
  volume =	 {11},
  year =	 {2003},
  pages =	 {65-76},
  month =	 {Winter},
  number =	 {1}
}

@article{AdoKinHer03,
  author =	 {Christopher Adolph and Gary King, with Michael
                  C. Herron and Kenneth W. Shotts},
  title =	 {A Consensus on Second Stage Analyses in Ecological
                  Inference Models},
  journal =	 {Political Analysis},
  volume =	 {11},
  year =	 {2003},
  pages =	 {86--94},
  month =	 {Winter},
  number =	 {1},
  note =	 {{http://gking.harvard.edu/files/abs/akhs-abs.shtml}}
}

@article{EpsKin03,
  author =	 {Lee Epstein and Gary King},
  title =	 {Building An Infrastructure for Empirical Research in
                  the Law [with comments from four law school deans]},
  journal =	 {Journal of Legal Education},
  volume =	 {53},
  year =	 {2003},
  pages =	 {311--320},
  number =	 {311},
  note =	 {{http://gking.harvard.edu/files/abs/infra-abs.shtml}}
}

@inbook{GakKin03,
  author =	 {Emmanuela Gakidou and Gary King},
  title =	 {Health Systems Performance Assessment: Debates,
                  Methods and Empiricism},
  chapter =	 {Chapter 36, Determinants of Inequality in Child
                  Survival: Results from 39 Countries},
  publisher =	 {World Health Organization},
  pages =	 {497-502},
  address =	 {Geneva},
  editor =	 {Chrisopher Murray and David B. Evans}
}

@inbook{GilKin03,
  author =	 {Jeff Gill and Gary King},
  title =	 {Numerical Issues in Statistical Computing for the
                  Social Scientist},
  chapter =	 {Chapter 6, Numerical Issues Involved in Inverting
                  Hessian Matrices},
  year =	 {2003},
  publisher =	 {John Wiley and Sons, Inc.},
  pages =	 {143-176},
  address =	 {Hoboken, NJ},
  editor =	 {Micah Altman and Jeff Gill and Michael P. McDonald}
}

@article{King03,
  author =	 {Gary King},
  title =	 {The Future of Replication},
  journal =	 {International Studies Perspectives},
  volume =	 {4},
  year =	 {2003},
  pages =	 {443--499},
  month =	 {February},
  number =	 1,
  note =
                  {{http://gking.harvard.edu/files/abs/replvdc-abs.shtml}}
}

@article{KinLow03,
  author =	 {Gary King and Will Lowe},
  title =	 {An Automated Information Extraction Tool For
                  International Conflict Data with Performance as Good
                  as Human Coders: A Rare Events Evaluation Design},
  journal =	 {International Organization},
  volume =	 {57},
  year =	 {2003},
  pages =	 {617-642},
  month =	 {July},
  number =	 {3},
  note =	 {{http://gking.harvard.edu/files/abs/infoex-abs.shtml}}
}

@article{KinMurSal04,
  author =	 {Gary King and Christopher J.L. Murray and Joshua
                  A. Salomon and Ajay Tandon},
  title =	 {Enhancing the Validity and Cross-cultural
                  Comparability of Measurement in Survey Research},
  journal =	 {American Political Science Review},
  volume =	 {98},
  year =	 {2004},
  pages =	 {191--207},
  month =	 {February},
  number =	 {1},
  note =	 {{http://gking.harvard.edu/files/abs/vign-abs.shtml}}
}

@article{KinRosTan07,
  author =	 {Gary King and Ori Rosen and Martin Tanner and
                  Alexander F. Wagner.},
  title =	 {Ordinary Economic Voting Behavior in the
                  Extraordinary Election of Adolf Hitler},
  year =	 {2007},
  note =	 {{http://gking.harvard.edu/files/abs/naziV-abs.shtml}}
}

@inbook{KinZen03,
  author =	 {Gary King and Langche Zeng},
  title =	 {Inference in Case-Control Studies},
  year =	 {2003},
  publisher =	 {Marcel Dekker},
  volume =	 {2nd edition},
  address =	 {New York},
  editor =	 {Shein-Chung Chow, ed.},
  journal =	 {Encyclopedia of Biopharmaceutical Statistics}
}

@article{LowKin03,
  author =	 {Will Lowe and Gary King },
  title =	 {Some Statistical Methods for Evaluating Information
                  Extraction Systems},
  journal =	 {Proceedings of the 10th Conference of the European
                  Chapter of the Association for Computational
                  Linguistics},
  year =	 {2003},
  pages =	 {19-26}
}

@article{TomKinZen03,
  author =	 {Michael Tomz and Gary King and Langche Zeng},
  title =	 {ReLogit: Rare Events Logistic Regression},
  journal =	 {Journal of Statistical Software},
  volume =	 {8},
  year =	 {2003},
  number =	 {2},
  note =	 {{http://gking.harvard.edu/stats.shtml#relogit}}
}

@article{TomWitKin03,
  author =	 {Michael Tomz and Jason Wittenberg and Gary King},
  title =	 {CLARIFY: Software for Interpreting and Presenting
                  Statistical Results},
  journal =	 {Journal of Statistical Software},
  volume =	 {8},
  year =	 {2003},
  number =	 {1},
  note =	 {{http://gking.harvard.edu/stats.shtml}}
}

@article{EpsKin02,
  author =	 {Lee Epstein and Gary King},
  title =	 {The Rules of Inference},
  journal =	 {University of Chicago Law Review},
  volume =	 {69},
  year =	 {2002},
  pages =	 {1--209},
  month =	 {Winter},
  number =	 {1},
  note =	 {{http://gking.harvard.edu/files/abs/rules-abs.shtml}}
}

@article{EpsKin02b,
  author =	 {Lee Epstein and Gary King},
  title =	 {Empirical Research and The Goals of Legal
                  Scholarship: A Response},
  journal =	 {University of Chicago Law Review},
  volume =	 {69},
  year =	 {2002},
  pages =	 {1--209},
  month =	 {Winter},
  number =	 {1},
  note =	 {{http://gking.harvard.edu/files/abs/rules-abs.shtml}}
}

@article{GakKin02,
  author =	 {Emmanuela Gakidou and Gary King},
  title =	 {Measuring Total Health Inequality: Adding Individual
                  Variation to Group-Level Differences},
  journal =	 {BioMed Central: International Journal for Equity in
                  Health},
  volume =	 {1},
  year =	 2002,
  month =	 {August},
  number =	 3,
  note =	 {{http://gking.harvard.edu/files/abs/ebb-abs.shtml}}
}

@article{HonKinKat02,
  author =	 {James Honaker and Gary King and Jonathan N. Katz},
  title =	 {A Fast, Easy, and Efficient Estimator for Multiparty
                  Electoral Data},
  journal =	 {Political Analysis},
  volume =	 {10},
  year =	 {2002},
  pages =	 {84--100},
  month =	 {Winter},
  number =	 {1},
  note =	 {{http://gking.harvard.edu/files/abs/trip-abs.shtml}}
}

@article{King02b,
  author =	 {Gary King},
  title =	 {Isolating Spatial Autocorrelation, Aggregation Bias,
                  and Distributional Violations in Ecological
                  Inference},
  journal =	 {Political Analysis},
  volume =	 {10},
  year =	 {2002},
  pages =	 {298--300},
  month =	 {Summer},
  number =	 {3},
  note =	 {{http://gking.harvard.edu/files/abs/ac-abs.shtml}}
}

@article{KinMur02,
  author =	 {Gary King and Christopher J.L. Murray},
  title =	 {Rethinking Human Security},
  journal =	 {Political Science Quarterly},
  volume =	 {116},
  year =	 {2002},
  pages =	 {585--610},
  month =	 {Winter},
  number =	 {4},
  note =	 {{http://gking.harvard.edu/files/abs/hs-abs.shtml}}
}

@article{KinZen02,
  author =	 {Gary King and Langche Zeng},
  title =	 {Improving Forecasts of State Failure},
  journal =	 {World Politics},
  volume =	 53,
  year =	 2002,
  pages =	 {623--658},
  month =	 {July},
  number =	 4 ,
  note =	 {{http://gking.harvard.edu/files/abs/civil-abs.shtml}}
}

@article{KinZen02b,
  author =	 {Gary King and Langche Zeng},
  title =	 {Estimating Risk and Rate Levels, Ratios, and
                  Differences in Case-Control Studies},
  journal =	 {Statistics in Medicine},
  volume =	 21,
  year =	 2002,
  pages =	 {1409--1427},
  note =	 {{http://gking.harvard.edu/files/abs/1s-abs.shtml}}
}

@article{MurKinLop02,
  author =	 {Christopher J.L. Murray and Gary King and Alan
                  D. Lopez and Niels Tomijima and Etienne Krug},
  title =	 {Armed Conflict as a Public Health Problem},
  journal =	 {BMJ (British Medical Journal)},
  volume =	 {324},
  year =	 {2002},
  pages =	 {346--349},
  month =	 {February 9},
  note =
                  {{http://gking.harvard.edu/files/abs/armedph-abs.shtml}}
}

@article{AltAndDig01a,
  author =	 {Micah Altman and Leonid Andreev and Mark Diggory and
                  Gary King and Daniel L. Kiskis and Elizabeth Kolster
                  and M. Krot and Sidney Verba},
  title =	 {A Digital Library for the Dissemination and
                  Replication of Quantitative Social Science Research:
                  The Virtual Data Center},
  journal =	 {Social Science Computer Review},
  volume =	 19,
  year =	 2001,
  pages =	 {458--470},
  month =	 {Winter},
  number =	 4,
  note =
                  {{http://gking.harvard.edu/files/abs/vdcwhitepaper-abs.shtml}}
}

@article{AltAndDig01b,
  author =	 {Micah Altman and Leonid Andreev and Mark Diggory and
                  Gary King and Daniel L. Kiskis and Elizabeth Kolster
                  and M. Krot and Sidney Verba},
  title =	 {An Overview of the Virtual Data Center Project and
                  Software},
  journal =	 {JCDL '01: First Joint Conference on Digital
                  Libraries},
  year =	 2001,
  pages =	 {203-204},
  note =	 {{http://gking.harvard.edu/files/abs/jcdl01-abs.shtml}}
}

@article{AltKinSig01,
  author =	 {James E. Alt and Gary King and Curtis Signorino},
  title =	 {Aggregation Among Binary, Count, and Duration
                  Models: Estimating the Same Quantities from
                  Different Levels of Data},
  journal =	 {Political Analysis},
  volume =	 {9},
  year =	 {2001},
  pages =	 {21--44},
  month =	 {Winter},
  number =	 {1},
  note =	 {{http://gking.harvard.edu/files/abs/abcd-abs.shtml}}
}

@article{King01,
  author =	 {Gary King},
  title =	 {Proper Nouns and Methodological Propriety: Pooling
                  Dyads in International Relations Data},
  journal =	 {International Organization},
  volume =	 {55},
  year =	 {2001},
  pages =	 {497--507},
  month =	 {Fall},
  number =	 {2},
  note =	 {{http://gking.harvard.edu/files/abs/pool-abs.shtml}}
}

@article{KinHonJos01,
  author =	 {Gary King and James Honaker and Anne Joseph and
                  Kenneth Scheve},
  title =	 {Analyzing Incomplete Political Science Data: An
                  Alternative Algorithm for Multiple Imputation},
  journal =	 {American Political Science Review},
  volume =	 95,
  year =	 2001,
  pages =	 {49--69},
  month =	 {March},
  number =	 1 ,
  note =	 {{http://gking.harvard.edu/files/abs/evil-abs.shtml}}
}

@article{KinZen01,
  author =	 {Gary King and Langche Zeng},
  title =	 {Logistic Regression in Rare Events Data},
  journal =	 {Political Analysis},
  volume =	 9,
  year =	 2001,
  pages =	 {137--163},
  month =	 {Spring},
  number =	 2 ,
  note =	 {{http://gking.harvard.edu/files/abs/0s-abs.shtml}}
}

@article{KinZen01b,
  author =	 {Gary King and Langche Zeng},
  title =	 {Explaining Rare Events in International Relations},
  journal =	 {International Organization},
  volume =	 55,
  year =	 2001,
  pages =	 {693--715},
  month =	 {Summer},
  number =	 3 ,
  note =	 {{http://gking.harvard.edu/files/abs/baby0s-abs.shtml}}
}

@article{RosJiaKin01,
  author =	 {Ori Rosen and Wenxin Jiang and Gary King and Martin
                  A. Tanner},
  title =	 {Bayesian and Frequentist Inference for Ecological
                  Inference: The $R \times C$ Case},
  journal =	 {Statistica Neerlandica},
  volume =	 55,
  year =	 2001,
  pages =	 {134--156},
  number =	 2 ,
  note =	 {{http://gking.harvard.edu/files/abs/rosen-abs.shtml}}
}

@article{BecKinZen00,
  author =	 {Nathaniel Beck and Gary King and Langche Zeng},
  title =	 {Improving Quantitative Studies of International
                  Conflict},
  journal =	 {American Political Science Review},
  volume =	 94,
  year =	 2000,
  pages =	 {21--36},
  month =	 {March},
  number =	 1 ,
  note =	 {{http://gking.harvard.edu/files/abs/improv-abs.shtml}}
}

@article{King00,
  author =	 {Gary King},
  title =	 {Geography, Statistics, and Ecological Inference},
  journal =	 {Annals of the Association of American Geographers},
  volume =	 {90},
  year =	 {2000},
  pages =	 {601--606},
  month =	 {September},
  number =	 {3},
  note =	 {{http://gking.harvard.edu/files/abs/geog-abs.shtml}}
}

@article{KinTomWit00,
  author =	 {Gary King and Michael Tomz and Jason Wittenberg},
  title =	 {Making the Most of Statistical Analyses: Improving
                  Interpretation and Presentation},
  journal =	 {American Journal of Political Science},
  volume =	 44,
  year =	 2000,
  pages =	 {341--355},
  month =	 {April},
  number =	 2,
  note =	 {{http://gking.harvard.edu/files/abs/making-abs.shtml}}
}

@article{GelKinLiu99,
  author =	 {Andrew Gelman and Gary King and Chuanhai Liu},
  title =	 {Not Asked and Not Answered: Multiple Imputation for
                  Multiple Surveys},
  journal =	 {Journal of the American Statistical Association},
  volume =	 93,
  year =	 1999,
  pages =	 {846--857},
  month =	 {September},
  number =	 433 ,
  note =	 {{http://gking.harvard.edu/files/abs/not-abs.shtml}}
}

@article{GelKinLiu99b,
  author =	 {Andrew Gelman and Gary King and Chuanhai Liu},
  title =	 {Rejoinder},
  journal =	 {Journal of the American Statistical Association},
  volume =	 93,
  year =	 1999,
  pages =	 {869--874},
  month =	 {September},
  number =	 433 ,
  note =	 {{http://gking.harvard.edu/files/abs/not-abs.shtml}}
}

@article{KatKin99,
  author =	 {Jonathan Katz and Gary King},
  title =	 {A Statistical Model for Multiparty Electoral Data},
  journal =	 {American Political Science Review},
  volume =	 93,
  year =	 1999,
  pages =	 {15--32},
  month =	 {March},
  number =	 {1},
  note =
                  {{http://gking.harvard.edu/files/abs/multiparty-abs.shtml}}
}

@article{King99,
  author =	 {Gary King},
  title =	 {The Future of Ecological Inference Research: A Reply
                  to Freedman et al.},
  journal =	 {Journal of the American Statistical Association},
  volume =	 {94},
  year =	 {1999},
  pages =	 {352-355},
  month =	 {March},
  number =	 {445},
  note =	 {{http://gking.harvard.edu/files/abs/reply-abs.shtml}}
}

@article{KinLav99,
  author =	 {Gary King and Michael Laver},
  title =	 {Many Publications, but Still No Evidence},
  journal =	 {Electoral Studies},
  volume =	 {18},
  year =	 {1999},
  pages =	 {597--598},
  month =	 {December},
  number =	 {4},
  note =
                  {{http://gking.harvard.edu/files/abs/manypub-abs.shtml}}
}

@article{KinRosTan99,
  author =	 {Gary King and Ori Rosen and Martin A. Tanner},
  title =	 {Binomial-Beta Hierarchical Models for Ecological
                  Inference},
  journal =	 {Sociological Methods and Research},
  volume =	 28,
  year =	 1999,
  pages =	 {61--90},
  month =	 {August},
  number =	 1 ,
  note =	 {{http://gking.harvard.edu/files/abs/binom-abs.shtml}}
}

@article{LewKin99,
  author =	 {Jeffrey Lewis and Gary King},
  title =	 {No Evidence on Directional vs. Proximity Voting},
  journal =	 {Political Analysis},
  volume =	 {8},
  year =	 {1999},
  pages =	 {21--33},
  month =	 {August},
  number =	 {1},
  note =
                  {{http://gking.harvard.edu/files/abs/spatial-abs.shtml}}
}

@article{GelKinBos98,
  author =	 {Andrew Gelman and Gary King and John Boscardin},
  title =	 {Estimating the Probability of Events that Have Never
                  Occurred: When Is Your Vote Decisive?},
  journal =	 {Journal of the American Statistical Association},
  volume =	 {93},
  year =	 {1998},
  pages =	 {1--9},
  month =	 {March},
  number =	 {441},
  note =
                  {{http://gking.harvard.edu/files/abs/estimatprob-abs.shtml}}
}

@article{KinPal98,
  author =	 {Gary King and Bradley Palmquist},
  title =	 {The Record of American Democracy, 1984-1990},
  journal =	 {Sociological Methods and Research},
  volume =	 {26},
  year =	 {1998},
  pages =	 {424--427},
  month =	 {February},
  number =	 {3},
  note =	 {{http://www.hmdc.harvard.edu/ROAD/}}
}

@article{BenKin96,
  author =	 {Kenneth Benoit and Gary King},
  title =	 {A Preview of EI and EzI: Programs for Ecological
                  Inference},
  journal =	 {Social Science Computer Review},
  volume =	 {14},
  year =	 {1996},
  pages =	 {433--438},
  month =	 {Winter},
  number =	 {4},
  note =
                  {{http://gking.harvard.edu/files/abs/preview-abs.shtml}}
}

@inbook{GelKin96,
  author =	 {Andrew Gelman and Gary King},
  title =	 {Advantages of Conflictual Redistricting},
  year =	 {1996},
  publisher =	 {Dartmouth Publishing Company},
  pages =	 {207--218 },
  address =	 {Aldershot, England},
  editor =	 {Iain McLean and David Butler, eds},
  note =	 {{http://gking.harvard.edu/files/abs/advant-abs.shtml}},
  journal =	 {Fixing the Boundary: Defining and Redefining
                  Single-Member Electoral Districts}
}

@inbook{KinBruGel96,
  author =	 {Gary King and John Bruce and Andrew Gelman},
  title =	 {Racial Fairness in Legislative Redistricting},
  year =	 {1996},
  publisher =	 {Princeton University Press},
  editor =	 {Paul E. Peterson, ed.},
  note =	 {{http://gking.harvard.edu/files/abs/racial-abs.shtml}},
  journal =	 {Classifying by Race}
}

@article{King96,
  author =	 {Gary King},
  title =	 {Why Context Should Not Count},
  journal =	 {Political Geography },
  volume =	 {15},
  year =	 {1996},
  pages =	 {159--164},
  month =	 {February},
  number =	 {2},
  note =	 {{http://gking.harvard.edu/files/abs/contxt-abs.shtml}}
}

@article{KinSig96,
  author =	 {Gary King and Curtis S. Signorino},
  title =	 {The Generalization in the Generalized Event Count
                  Model},
  journal =	 {Political Analysis},
  volume =	 6,
  year =	 1996,
  pages =	 {225--252},
  note =
                  {{http://gking.harvard.edu/files/abs/generaliz-abs.shtml}}
}

@article{King95,
  author =	 {Gary King},
  title =	 {Replication, Replication},
  journal =	 {PS: Political Science and Politics},
  volume =	 {28},
  year =	 1995,
  pages =	 {443--499},
  month =	 {September},
  number =	 3,
  note =
                  {{http://gking.harvard.edu/files/abs/replication-abs.shtml}}
}

@article{King95b,
  author =	 {Gary King},
  title =	 {A Revised Proposal, Proposal},
  journal =	 {PS: Political Science and Politics},
  volume =	 {XXVIII},
  year =	 1995,
  pages =	 {494--499},
  month =	 {September},
  number =	 3,
  note =
                  {{http://gking.harvard.edu/files/abs/replication-abs.shtml}}
}

@article{KinKeoVer95,
  author =	 {Gary King and Robert O. Keohane and Sidney Verba},
  title =	 {The Importance of Research Design in Political
                  Science},
  journal =	 {American Political Science Review},
  volume =	 {89},
  year =	 {1995},
  pages =	 {454--481 },
  month =	 {June},
  number =	 {2},
  note =
                  {{http://gking.harvard.edu/files/abs/kkvresp-abs.shtml}}
}

@article{VosGelKin95,
  author =	 {D. Steven Voss and Andrew Gelman and Gary King},
  title =	 {Pre-Election Survey Methodology: Details From Nine
                  Polling Organizations, 1988 and 1992},
  journal =	 {Public Opinion Quarterly},
  volume =	 {59},
  year =	 {1995},
  pages =	 {98--132},
  month =	 {Spring},
  number =	 {1},
  note =
                  {{http://gking.harvard.edu/files/abs/preelection-abs.shtml}}
}

@article{WinSigKin95,
  author =	 {Rainer Winkelmann and Curtis Signorino and Gary
                  King},
  title =	 {A Correction for an Underdispersed Event Count
                  Probability Distribution},
  journal =	 {Political Analysis},
  year =	 {1995},
  pages =	 {215--228},
  note =
                  {{http://gking.harvard.edu/files/abs/correction-abs.shtml}}
}

@article{AltKin94,
  author =	 {James E. Alt and Gary King},
  title =	 {Transfers of Governmental Power: The Meaning of Time
                  Dependence},
  journal =	 {Comparative Political Studies},
  volume =	 {27},
  year =	 {1994},
  pages =	 {190--210},
  month =	 {July},
  number =	 {2},
  note =
                  {{http://gking.harvard.edu/files/abs/transfers-abs.shtml}}
}

@article{GelKin94,
  author =	 {Andrew Gelman and Gary King},
  title =	 {A Unified Method of Evaluating Electoral Systems and
                  Redistricting Plans},
  journal =	 {American Journal of Political Science},
  volume =	 38,
  year =	 1994,
  pages =	 {514--554},
  month =	 {May},
  number =	 2,
  note =
                  {{http://gking.harvard.edu/files/abs/writeit-abs.shtml}}
}

@article{GelKin94b,
  author =	 {Andrew Gelman and Gary King},
  title =	 {Enhancing Democracy Through Legislative
                  Redistricting},
  journal =	 {American Political Science Review},
  volume =	 {88},
  year =	 {1994},
  pages =	 {541--559},
  month =	 {September},
  number =	 {3},
  note =	 {{http://gking.harvard.edu/files/abs/red-abs.shtml}}
}

@incollection{GelKin94c,
  author =	 {Andrew Gelman and Gary King},
  title =	 {Party Competition and Media Messages in
                  U.S. Presidential Election Campaigns},
  booktitle =	 {The Parties Respond: Changes in the American Party
                  System},
  publisher =	 {Westview Press},
  year =	 1994,
  address =	 {Boulder, Colorado},
  editor =	 {L. Sandy Maisel},
  pages =	 {255-295},
  note =
                  {{http://gking.harvard.edu/files/abs/partycomp-abs.shtml}}
}

@article{GelKin93,
  author =	 {Andrew Gelman and Gary King},
  title =	 {Why are American Presidential Election Campaign
                  Polls so Variable when Votes are so Predictable?},
  journal =	 {British Journal of Political Science},
  volume =	 23,
  year =	 1993,
  pages =	 {409--451},
  month =	 {October},
  number =	 1,
  note =
                  {{http://gking.harvard.edu/files/abs/variable-abs.shtml}}
}

@inbook{King93,
  author =	 {Gary King},
  title =	 {The Methodology of Presidential Research},
  year =	 {1993},
  publisher =	 {University of Pittsburgh},
  pages =	 {387--412},
  address =	 {Pittsburgh},
  editor =	 {George Edwards, III, John H. Kessel, and Bert
                  A. Rockman, eds.},
  note =
                  {{http://gking.harvard.edu/files/abs/methpres-abs.shtml}},
  journal =	 {Researching the Presidency: Vital Questions, New
                  Approaches}
}

@article{KingBruGil93,
  author =	 {Gary King and John M. Bruce and Michael Gilligan},
  title =	 {The Science of Political Science Graduate
                  Admissions},
  journal =	 {PS: Political Science and Politics},
  volume =	 {XXVI},
  year =	 {1993},
  pages =	 {772--778},
  month =	 {December},
  number =	 {4},
  note =	 {{http://gking.harvard.edu/files/abs/admis-abs.shtml}}
}

@article{KinLav93,
  author =	 {Gary King and Michael Laver},
  title =	 {On Party Platforms, Mandates, and Government
                  Spending},
  journal =	 {American Political Science Review},
  volume =	 {87},
  year =	 {1993},
  pages =	 {744--750},
  month =	 {September},
  number =	 {3},
  note =	 {{http://gking.harvard.edu/files/abs/hoff-abs.shtml}}
}

@article{KinWal93,
  author =	 {Gary King and Daniel J. Walsh},
  title =	 {Good Research and Bad Research: Extending Zimile's
                  Criticism},
  journal =	 {Early Childhood Research Quarterly},
  volume =	 {8},
  year =	 {1993},
  pages =	 {397--401},
  month =	 {September},
  number =	 {3},
  note =	 {{http://gking.harvard.edu/files/abs/good-abs.shtml}}
}

@article{King91,
  author =	 {Gary King},
  title =	 {'Truth' is Stranger than Prediction, More
                  Questionable Than Causal Inference},
  journal =	 {American Journal of Political Science},
  volume =	 {35},
  year =	 {1991},
  pages =	 {1047--1053},
  month =	 {November},
  number =	 {4},
  note =	 {{http://gking.harvard.edu/files/abs/truth-abs.shtml}}
}

@article{King91b,
  author =	 {Gary King},
  title =	 {Constituency Service and Incumbency Advantage},
  journal =	 {British Journal of Political Science},
  volume =	 {21},
  year =	 {1991},
  pages =	 {119--128},
  month =	 {January},
  number =	 {1},
  note =
                  {{http://gking.harvard.edu/files/abs/constit-abs.shtml}}
}

@article{King91c,
  author =	 {Gary King},
  title =	 {On Political Methodology},
  journal =	 {Political Analysis},
  volume =	 {2},
  year =	 {1991},
  pages =	 {1--30},
  note =
                  {{http://gking.harvard.edu/files/abs/polmeth-abs.shtml}}
}

@article{King91d,
  author =	 {Gary King},
  title =	 {Stochastic Variation: A Comment on Lewis-Beck and
                  Skalaban's `The R-Square'},
  journal =	 {Political Analysis},
  volume =	 {2},
  year =	 {1991},
  pages =	 {185--200},
  note =	 {{http://gking.harvard.edu/files/abs/stoch-abs.shtml}}
}

@article{King91e,
  author =	 {Gary King},
  title =	 {Calculating Standard Errors of Predicted Values
                  based on Nonlinear Functional Forms},
  journal =	 {The Political Methodologist},
  volume =	 {4},
  year =	 {1991},
  month =	 {Fall},
  number =	 {2}
}

@article{KinGel91,
  author =	 {Gary King and Andrew Gelman},
  title =	 {Systemic Consequences of Incumbency Advantage in the
                  U.S. House},
  journal =	 {American Journal of Political Science},
  volume =	 35,
  year =	 1991,
  pages =	 {110--138},
  month =	 {February},
  number =	 1 ,
  note =
                  {{http://gking.harvard.edu/files/abs/sysconseq-abs.shtml}}
}

@article{AnsKin90,
  author =	 {Stephen Ansolabehere and Gary King},
  title =	 {Measuring the Consequences of Delegate Selection
                  Rules in Presidential Nominations},
  journal =	 {Journal of Politics},
  volume =	 {52},
  year =	 {1990},
  pages =	 {609--621},
  month =	 {May},
  number =	 {2},
  note =	 {{http://gking.harvard.edu/files/abs/pri-abs.shtml}}
}

@article{GelKin90,
  author =	 {Andrew Gelman and Gary King},
  title =	 {Estimating the Electoral Consequences of Legislative
                  Redistricting},
  journal =	 {Journal of the American Statistical Association},
  volume =	 {85},
  year =	 {1990},
  pages =	 {274--282},
  month =	 {June},
  number =	 {410},
  note =	 {{http://gking.harvard.edu/files/abs/svstat-abs.shtml}}
}

@article{GelKin90b,
  author =	 {Andrew Gelman and Gary King},
  title =	 {Estimating Incumbency Advantage Without Bias},
  journal =	 {American Journal of Political Science},
  volume =	 {34},
  year =	 {1990},
  pages =	 {1142--1164},
  month =	 {November},
  number =	 {4},
  note =	 {{http://gking.harvard.edu/files/abs/inc-abs.shtml}}
}

@article{KinAltBur90,
  author =	 {Gary King and James Alt and Nancy Burns and Michael
                  Laver},
  title =	 {A Unified Model of Cabinet Dissolution in
                  Parliamentary Democracies},
  journal =	 {American Journal of Political Science},
  volume =	 {34},
  year =	 {1990},
  pages =	 {846--871},
  month =	 {August},
  number =	 {3},
  note =	 {{http://gking.harvard.edu/files/abs/coal-abs.shtml}}
}

@article{King90,
  author =	 {Gary King},
  title =	 {Electoral Responsiveness and Partisan Bias in
                  Multiparty Democracies},
  journal =	 {Legislative Studies Quarterly},
  volume =	 {XV},
  year =	 {1990},
  pages =	 {159--181},
  month =	 {May},
  number =	 {2},
  note =
                  {{http://gking.harvard.edu/files/abs/electresp-abs.shtml}}
}

@article{GelKin89,
  author =	 {Andrew Gelman and Gary King},
  title =	 {Electoral Responsiveness in U.S. Congressional
                  Elections, 1946-1986},
  journal =	 {Proceedings of the Social Statistics Section,
                  American Statistical Association},
  year =	 {1989},
  pages =	 {208}
}

@article{King89b,
  author =	 {Gary King},
  title =	 {Representation Through Legislative Redistricting: A
                  Stochastic Model},
  journal =	 {American Journal of Political Science},
  volume =	 {33},
  year =	 {1989},
  pages =	 {787--824},
  month =	 {November},
  number =	 {4},
  note =
                  {{http://gking.harvard.edu/files/abs/repstoch-abs.shtml}}
}

@article{King89c,
  author =	 {Gary King},
  title =	 {Event Count Models for International Relations:
                  Generalizations and Applications},
  journal =	 {International Studies Quarterly},
  volume =	 {33},
  year =	 {1989},
  pages =	 {123--147},
  month =	 {June},
  number =	 {2},
  note =	 {{http://gking.harvard.edu/files/abs/ISQ33-abs.shtml}}
}

@article{King89d,
  author =	 {Gary King},
  title =	 {Variance Specification in Event Count Models: From
                  Restrictive Assumptions to a Generalized Estimator},
  journal =	 {American Journal of Political Science},
  volume =	 33,
  year =	 1989,
  pages =	 {762--784},
  month =	 {August},
  number =	 3 ,
  note =
                  {{http://gking.harvard.edu/files/abs/varspecec-abs.shtml}}
}

@article{King89e,
  author =	 {Gary King},
  title =	 {A Seemingly Unrelated Poisson Regression Model},
  journal =	 {Sociological Methods and Research},
  volume =	 {17},
  year =	 {1989},
  pages =	 {235--255},
  month =	 {February},
  number =	 {3},
  note =	 {{http://gking.harvard.edu/files/abs/SMR17-abs.shtml}}
}

@article{King88,
  author =	 {Gary King},
  title =	 {Statistical Models for Political Science Event
                  Counts: Bias in Conventional Procedures and Evidence
                  for The Exponential Poisson Regression Model},
  journal =	 {American Journal of Political Science},
  volume =	 32,
  year =	 1988,
  pages =	 {838-863},
  month =	 {August},
  number =	 3 ,
  note =	 {{http://gking.harvard.edu/files/abs/epr-abs.shtml}}
}

@article{BroKin87,
  author =	 {Robert X Browning and Gary King},
  title =	 {Seats, Votes, and Gerrymandering: Measuring Bias and
                  Representation in Legislative Redistricting},
  journal =	 {Law and Policy},
  volume =	 {9},
  year =	 {1987},
  pages =	 {305--322},
  month =	 {July},
  number =	 {3},
  note =	 {{http://gking.harvard.edu/files/abs/LP9-abs.shtml}}
}

@article{KinBro87,
  author =	 {Gary King and Robert X Browning},
  title =	 {Democratic Representation and Partisan Bias in
                  Congressional Elections},
  journal =	 {American Political Science Review},
  volume =	 {81},
  year =	 {1987},
  pages =	 {1252--1273},
  month =	 {December},
  number =	 {4},
  note =	 {{http://gking.harvard.edu/files/abs/sv-abs.shtml}}
}

@article{King87,
  author =	 {Gary King},
  title =	 {Presidential Appointments to the Supreme Court:
                  Adding Systematic Explanation to Probabilistic
                  Description},
  journal =	 {American Politics Quarterly},
  volume =	 {15},
  year =	 {1987},
  pages =	 {373--386},
  month =	 {July},
  number =	 {3},
  note =	 {{http://gking.harvard.edu/files/abs/sct-abs.shtml}}
}

@article{King86,
  author =	 {Gary King},
  title =	 {How Not to Lie With Statistics: Avoiding Common
                  Mistakes in Quantitative Political Science},
  journal =	 {American Journal of Political Science},
  volume =	 {30},
  year =	 {1986},
  pages =	 {666--687},
  month =	 {August},
  number =	 {3},
  note =	 {{http://gking.harvard.edu/files/abs/mist-abs.shtml}}
}

@article{King86b,
  author =	 {Gary King},
  title =	 {The Significance of Roll Calls in Voting Bodies: A
                  Model and Statistical Estimation},
  journal =	 {Social Science Research},
  volume =	 {15},
  year =	 {1986},
  pages =	 {135--152},
  month =	 {June},
  note =	 {{http://gking.harvard.edu/files/abs/SSR15-abs.shtml}}
}

@article{King86c,
  author =	 {Gary King},
  title =	 {Political Parties and Foreign Policy: A
                  Structuralist Approach},
  journal =	 {Political Psychology},
  volume =	 {7},
  year =	 {1986},
  pages =	 {83--101},
  month =	 {March},
  number =	 {1},
  note =	 {{http://gking.harvard.edu/files/abs/PP7-abs.shtml}}
}

@article{KinMer86,
  author =	 {Gary King and Richard Merelman},
  title =	 {The Development of Political Activists: A Model of
                  Early Learning},
  journal =	 {Social Science Quarterly},
  volume =	 {67},
  year =	 {1986},
  pages =	 {473--490},
  month =	 {September},
  number =	 {3},
  note =
                  {{http://gking.harvard.edu/files/abs/poliactiv-abs.shtml}}
}


%%%%%%%%%%%%%%%%%%%%%%%%%%%%%%%%%%%%%%%%%%%%%%%%%%%%%%%%%%%%%%%%%%%%%%%%%%%%
% Data
%%%%%%%%%%%%%%%%%%%%%%%%%%%%%%%%%%%%%%%%%%%%%%%%%%%%%%%%%%%%%%%%%%%%%%%%%%%%

@Article{IacKinPor11b,
  author =	 {Stefano M. Iacus and Gary King and Giuseppe Porro},
  title =	 {Replication data for: Causal Inference Without
                  Balance Checking: Coarsened Exact Matching},
  journal =	 { },
  year =	 2011,
  note =	 {http://hdl.handle.net/1902.1/15601 Murray Research
                  Archive [Distributor] V1 [Version]}
}

@article{HopKin09b,
  author =	 {Daniel Hopkins and Gary King},
  title =	 {Replication Data for: A Method of Automated
                  Nonparametric Content Analysis for Social Science},
  journal =	 { },
  year =	 2009,
  note =	 {\underline{UNF:3:xlE5stLgKvpeMvxzlLxzEQ==}
                  hdl:1902.1/12898 Murray Research Archive [Distributor]}
}


@article{KinGakIma09b,
  Author =	 {Gary King and Emmanuela Gakidou and Kosuke Imai and
                  Jason Lakin and Clayton Nall and Ryan T. Moore and
                  Nirmala Ravishankar and Manett Vargas and Martha
                  Mar{\'i}a T{\'e}llez-Rojo and Juan Eugenio
                  Hern{\'a}ndez {\'A}vila and Mauricio Hern{\'a}ndez
                  {\'A}vila and H{\'e}ctor Hern{\'a}ndez Llamas},
  title =	 {Replication Data for: Public Policy for the Poor? A
                  Randomized Ten-Month Evaluation of the Mexican
                  Universal Health Insurance Program},
  journal =	 { },
  year =	 {2009},
  note =	 {\underline{hdl:1902.1/11044}
                  UNF:3:jeUN9XODtYUp2iUbe8gWZQ== Murray Research
                  Archive [Distributor]}
}

@article{ImaKinNal09c,
  author =	 {Kosuke Imai and Gary King and Clayton Nall},
  title =	 {Replication Data for: The Essential Role of Pair-Matching in
                  Cluster-Randomized Experiments, with Application to
                  the Mexican Universal Health Insurance Evaluation: Rejoinder},
  journal =	 { },
  year =	 {2009},
  note =	 {\underline{hdl:1902.1/12730}
                  UNF:3:CKs4T0iVYxP36LQSMgAkuw== Murray Research
                  Archive [Distributor]}
}

@article{ImaKinNal09b,
  author =	 {Kosuke Imai and Gary King and Clayton Nall},
  title =	 {Replication Data for: The Essential Role of Pair Matching in
                  Cluster-Randomized Experiments, with Application to
                  the Mexican Universal Health Insurance Evaluation},
  journal =	 { },
  year =	 {2009},
  note =	 {\underline{hdl:1902.1/11047}
                  UNF:3:jeUN9XODtYUp2iUbe8gWZQ== Murray Research
                  Archive [Distributor]}
}

@Article{KinZen08,
  author =	 {Gary King and Langche Zeng},
  title =	 {Replication data for: Empirical vs. Theoretical
                  Claims about Extreme Counterfactuals: A Response},
  journal =	 { },
  year =	 2008,
  note =	 {\underline{hdl:1902.1/11903}, Murray Research
                  Archive [Distributor]}
}

@article{GakKin06b,
  author =	 {Emmanuela Gakidou and Gary King},
  title =	 {Replication data for: Death by Survey: Estimating
                  Adult Mortality without Selection Bias from Sibling
                  Survival Data},
  year =	 2006,
  note =	 {{\underline{hdl:1902.1/ZMESWNECZW}
                  Murray Research Archive [Distributor]}}
}

@article{GirKin06,
  author =	 {Federico Girosi and Gary King},
  title =	 {Cause of Death Data},
  year =	 {2006},
  note =	 {{\underline{hdl:1902.1/UOVMCPSWOL}
                  UNF:3:9JU+SmVyHgwRhAKclQ85Cg== Murray Research
                  Archive [Distributor]}}
}

@article{HoImaKin06,
  author =	 {Daniel E. Ho and Kosuke Imai and Gary King and
                  Elizabeth A. Stuart},
  title =	 {Replication Data Set for: Matching as Nonparametric
                  Preprocessing for Reducing Model Dependence in
                  Parametric Causal Inference},
  year =	 2006,
  note =	 {{\underline{hdl:1902.1/YVDZEQIYDS}
                  Murray Research Archive [distributor]}}
}

@article{KinAlt06,
  author =	 {Gary King and James E. Alt and Nancy Burns and
                  Michael Laver},
  title =	 {Replication data for: A Unified Model of Cabinet
                  Dissolution in Parliamentary Democracies},
  year =	 {2006},
  note =	 {{\underline{hdl:1902.1/RMPXNUSBBS}
                  UNF:3:lfKIeFJKgejkOzXEY1i6lw== Murray Research
                  Archive [Distributor]}}
}

@article{KinZen06b,
  author =	 {Gary King and Langche Zeng},
  title =	 {Replication Data Set for: When Can History be Our
                  Guide? The Pitfalls of Counterfactual Inference},
  year =	 2006,
  note =	 {{\underline{hdl:1902.1/DXRXCFAWPK}
                  Murray Research Archive [distributor]}}
}

@article{KinZen06c,
  author =	 {Gary King and Langche Zeng},
  title =	 {Replication data for: Detecting Model Depedence in
                  Statistical Inference: A Response},
  year =	 {2006},
  note =	 {{\underline{hdl:1902.1/FGSRBXXIYT}
                  UNF:3:K4/CgnMYDMV6izc5RVOZTA== Murray Research
                  Archive [Distributor]}}
}

@article{KinZen06d,
  author =	 {Gary King and Langche Zeng},
  title =	 {Replication data for: When Can History be Our Guide?
                  The Pitfalls of Counterfactual Inference},
  year =	 {2006},
  note =	 {{\underline{hdl:1902.1/DXRXCFAWPK}
                  UNF:3:DaYlT6QSX9r0D50ye+tXpA== Murray Research
                  Archive [Distributor]}}
}

@article{KinZen06e,
  author =	 {Gary King and Langche Zeng},
  title =	 {Replication data for: The Dangers of Extreme
                  Counterfactuals },
  year =	 {2006},
  note =	 {{\underline{hdl:1902.1/UTVMBVNGMX}
                  UNF:3:ytKKNjK+yR8Pq3H0RcV6eg== Murray Research
                  Archive [Distributor]}}
}

@article{EpsHoKin05b,
  author =	 {Lee Epstein and Daniel E. Ho and Gary King and
                  Jeffrey A. Segal},
  title =	 {Replication data for: The Supreme Court During
                  Crisis: How War Affects Only Nonwar Cases},
  year =	 {2005},
  note =	 {{\underline{hdl:1902.1/RESUDVYWPE}
                  UNF:3:ZmbzFbfqogNM0Gb6CcV52A== Murray Research
                  Archive [Distributor]}}
}

@article{BecKinZen04b,
  author =	 {Nathaniel Beck and Gary King and Langche Zeng},
  title =	 {Replication data for: Gelpi and Grynaviski},
  year =	 {2004},
  note =	 {{\underline{hdl:1902.1/LAAYCJJGDS}
                  UNF:3:N0bEAswAlPPVXCxPOZYyqw== Murray Research
                  Archive [Distributor]}}
}

@article{King03b,
  author =	 {Gary King},
  title =	 {10 Million International Dyadic Events},
  year =	 {2003},
  note =	 {{\underline{hdl:1902.1/FYXLAWZRIA}
                  UNF:3:um06qkr/1tAwpS4roUqAiw== Murray Research
                  Archive [Distributor]}}
}

@article{KinZen01c,
  author =	 {Gary King and Langche Zeng},
  title =	 {Replication data for: Explaining Rare Events in
                  International Relations},
  year =	 {2001},
  note =	 {\underline{hdl:1902.1/OUCBSJKXIC}
                  UNF:3:vyct3c8fMCdWOdp03NUhaA== Murray Research
                  Archive [Distributor]}
}

@article{KinZen01d,
  author =	 {Gary King and Langche Zeng},
  title =	 {Replication data for: Improving Forecats of State
                  Failure},
  year =	 {2001},
  note =	 {{\underline{hdl:1902.1/RPQIODIANR}
                  UNF:3:CEsbEgPxbxExfYuh2NWwWQ== Murray Research
                  Archive [Distributor]}}
}

@article{BecKinZen00b,
  author =	 {Nathaniel Beck and Gary King and Langche Zeng},
  title =	 {Replication data for: Improving Quantitative Studies
                  of International Conflict: A Conjecture},
  volume =	 {2000},
  note =	 {{\underline{hdl:1902.1/SZKONDGOMF}
                  UNF:3:rYRDzT8dCJ/BR7V9u8fObA== Murray Research
                  Archive [Distributor]}}
}

@article{KinTomWit00b,
  author =	 {Gary King and Michael Tomz and Jason Wittenberg},
  title =	 {Replication data for: Making the Most of Statistical
                  Analyses: Improving Interpretation and Presentation},
  year =	 {2000},
  note =	 {{\underline{hdl:1902.1/QTCABXZZRQ}
                  UNF:3:1VaLflZ/LfB+AISX+hBm1w== Murray Research
                  Archive [Distributor]}}
}

@article{KatKin99b,
  author =	 {Jonathan Katz and Gary King},
  title =	 {Replication data for: A Statistical Model of
                  Multiparty Electoral Data},
  year =	 {1999},
  note =	 {{\underline{hdl:1902.1/QIGTWZYTLZ}
                  UNF:3:gwGcKylle0BKJTGv3Zv4OA== Murray Research
                  Archive [Distributor]}}
}

@article{GelKinBos98b,
  author =	 {Andrew Gelman and Gary King and John Boscardin},
  title =	 {Replication data for: Estimating the Probability of
                  Events that have Never Occurred: When is your Vote
                  Decisive},
  year =	 {1998},
  note =	 {{\underline{hdl:1902.1/NOLXXTUHNZ}
                  UNF:3:ORDulVH6qEb4lsCyDn5W3A== Murray Research
                  Archive [Distributor]}}
}

@article{King97b,
  author =	 {Gary King},
  title =	 {Replication data for: A Solution to the Ecological
                  Inference Problem: Reconstructing Individuals
                  Behavior from Aggregate Data},
  year =	 {1997},
  note =	 {{\underline{hdl:1902.1/LWMMKUTYXS}
                  UNF:3:DRWozWd89+vNLO7lY2AHbg== Murray Research
                  Archive [Distributor]}}
}

@article{GelKin94d,
  author =	 {Andrew Gelman and Gary King},
  title =	 {Replication data for: Enhancing Democracy Through
                  Legislative Redistricting},
  year =	 {1994},
  note =	 {{\underline{hdl:1902.1/BNCOWNVERH}
                  UNF:3:ZXahi7PBFxLRb46sVKOAuQ== Murray Research
                  Archive [Distributor]}}
}

@article{GelKin94e,
  author =	 {Andrew Gelman and Gary King},
  title =	 {Replication data for: Unified Methods of Evaluating
                  Electoral Systems and Redistricting Plans: United
                  States House of Representatives adn Ohio State
                  Legislature},
  year =	 {1994},
  note =	 {{\underline{hdl:1902.1/JWFTSFKOBK}
                  UNF:3:Fi01DWj4Sx+0ZEOEo4TOXA== Murray Research
                  Archive [Distributor]}}
}

@article{King94,
  author =	 {Gary King},
  title =	 {Elections to the United States House of
                  Representatives, 1898-1992},
  year =	 {1994},
  note =	 {{\underline{hdl:1902.1/TQDSSPRDDZ}
                  UNF:3:tD8SznMFjKIxWxOqTQaamQ== Murray Research
                  Archive [Distributor]}}
}

@article{GelKin93b,
  author =	 {Andrew Gelman and Gary King},
  title =	 {Replication data for: Why Are American Presidential
                  Election Campaign Polls so Variable When Votes are
                  so Predictable?},
  year =	 {1993},
  note =	 {{\underline{hdl:1902.1/SBBXEUSSCW}
                  Murray Research Archive [Distributor]}}
}

@article{KinLav93b,
  author =	 {Gary King and Michael Laver},
  title =	 {Replication data for: On Party Platforms, Mandates,
                  and Government Spending},
  year =	 {1993},
  note =	 {{\underline{hdl:1902.1/XEHYCJAWQD}
                  UNF:3:cwNXuRQ/6Lp72obLkttmGg== Murray Research
                  Archive [Distributor]}}
}

@article{King91e,
  author =	 {Gary King},
  title =	 {Replication data for: Constituency Service and
                  Incumbency Advantage},
  year =	 {1991},
  note =	 {{\underline{hdl:1902.1/JTMXGSZXIZ}
                  UNF:3:IE4ZSAs8ZzUK+fRXNbVvGw== Murray Research
                  Archive [Distributor]}}
}

@article{King91f,
  author =	 {Gary King},
  title =	 {Replication data for: On Political Methodology},
  year =	 {1991},
  note =	 {{\underline{hdl:1902.1/KHTLSQXAEJ}
                  Murray Research Archive [Distributor]}}
}

@article{AnsKin90b,
  author =	 {Stephen Ansolabehere and Gary King},
  title =	 {Replication data for: Measuring the Consequences of
                  Delegate Selection Rules in Presidential
                  Nominations},
  year =	 {1990},
  note =	 {{\underline{hdl:1902.1/BUJXCEPXQK}
                  UNF:3:OdFPcQcvfO5hc3WJ5ty8vQ== Murray Research
                  Archive [Distributor]}}
}

@article{KinBen86,
  author =	 {Gary King and Gerald Benjamin},
  title =	 {Replication data for: The Stability of Partisan
                  Identification in the U.S. House of Representatives,
                  1789-1984},
  year =	 {1986},
  note =	 {{\underline{hdl:1902.1/HINHTJQYFO}
                  Murray Research Archive [Distributor]}}
}

%%%%%%%%%%%%%%%%%%%%%%%%%%%%%%%%%%%%%%%%%%%%%%%%%%%%%%%%%%%%%%%%%%%%%%%%%%%%
% Software
%%%%%%%%%%%%%%%%%%%%%%%%%%%%%%%%%%%%%%%%%%%%%%%%%%%%%%%%%%%%%%%%%%%%%%%%%%%%


@Article{IacKinPor09b,
  author =	 {Stefano M. Iacus and Gary King and Giuseppe Porro},
  title =	 {CEM: Coarsened Exact Matching Software},
  journal =	 {Journal of Statistical Software},
  volume =	 30,
  issue =	 9,
  year =	 2009,
  note =	 {{http://gking.harvard.edu/cem}}
}

@article{WanKinLau07,
  author =	 {Jonathan Wand and Gary King and Olivia Lau},
  title =	 {Anchors: Software for Anchoring Vignettes Data},
  journal =	 {Journal of Statistical Software},
  year =	 {2007, forthcoming}
}

@Article{HonKinBLa10,
  author =	 {James Honaker and Gary King and Matthew Blackwell},
  title =	 {Amelia II: A Program for Missing Data},
  year =	 2010,
  note =	 {{http://gking.harvard.edu/amelia}}
}

@article{ImaKinLau06,
  author =	 {Kosuke Imai and Gary King and Olivia Lau},
  title =	 {Zelig: Everyone's Statistical Software},
  year =	 2006,
  note =	 {{http://gking.harvard.edu/zelig}}
}

@article{TomWitKin05,
  author =	 {Michael Tomz and Jason Wittenberg and Gary King},
  title =	 {CLARIFY: Software for Interpreting and Presenting
                  Statistical Results},
  year =	 {1998-2005},
  note =	 {{http://gking.harvard.edu/stats.shtml#clarify}}
}

@article{HonJosKin98,
  author =	 {James Honaker and Anne Joseph and Gary King and
                  Kenneth Scheve and Naunihal Singh.},
  title =	 {AMELIA: A Program for Missing Data},
  year =	 {1998-2002},
  note =	 {{http://gking.harvard.edu/amelia}}
}

@article{King98,
  author =	 {Gary King},
  title =	 {MAXLIK, a set of Gauss programs, annotated for
                  pedagogical purposes, to implement the maximum
                  likelihood models in Unifying Political Methodology:
                  The Likelihood Theory of Statistical Inference},
  year =	 {1998},
  note =	 {{http://gking.harvard.edu/stats.shtml#maxlik}}
}

@article{King96b,
  author =	 {Gary King},
  title =	 {EI: Program for Ecological Inference},
  year =	 {1996-2003},
  note =	 {{http://gking.harvard.edu/stats.shtml#ei}}
}

@article{GelKin92,
  author =	 {Andrew Gelman and Gary King},
  title =	 {JudgeIt: A Program for Evaluating Electoral Systems
                  and Redistricting Plans},
  year =	 {1992-2002},
  note =	 {{http://gking.harvard.edu/stats.shtml#judgeit}}
}

@article{HoImaKin07a,
  author =	 {Daniel E. Ho and Kosuke Imai and Gary King and
                  Elizabeth A. Stuart},
  title =	 {MatchIt: Nonparametric Preprocessing for Parametric
                  Causal Inference},
  year =	 {Forthcoming},
  journal =	 {Journal of Statistical Software},
  note =	 {{http://gking.harvard.edu/matchit}}
}

@InCollection{Gelman04,
  author = 	 {Andrew Gelman},
  title = 	 {Treatment Effects in Before-After Data},
  booktitle = 	 {Applied Bayesian Modeling and Causal Inference from
                  an Incomplete Data Perspective},
  publisher =	 {Wiley},
  year =	 2004,
  editor =	 {Andrew Gelman and Xiao-Li Meng},
  chapter =	 18,
  address =	 {London}
}

